<?xml version="1.0" encoding="UTF-8"?><record xmlns="http://www.loc.gov/MARC21/slim" xmlns:cinclude="http://apache.org/cocoon/include/1.0" xmlns:zs="http://www.loc.gov/zing/srw/">
  <leader>00761cz  a2200217n  4500</leader>
  <controlfield tag="001">no 98103117 </controlfield>
  <controlfield tag="003">DLC</controlfield>
  <controlfield tag="005">20001130070819.0</controlfield>
  <controlfield tag="008">980817n| acannaabn          |a aac     c</controlfield>
  <datafield tag="010" ind1=" " ind2=" ">
    <subfield code="a">no 98103117 </subfield>
  </datafield>
  <datafield tag="035" ind1=" " ind2=" ">
    <subfield code="a">(OCoLC)oca04795593</subfield>
  </datafield>
  <datafield tag="040" ind1=" " ind2=" ">
    <subfield code="a">WaU</subfield>
    <subfield code="b">eng</subfield>
    <subfield code="c">WaU</subfield>
    <subfield code="d">OCoLC</subfield>
  </datafield>
  <datafield tag="100" ind1="0" ind2=" ">
    <subfield code="a">Tanpuying Dithakar Bhakdi</subfield>
  </datafield>
  <datafield tag="400" ind1="1" ind2=" ">
    <subfield code="a">Bhakdi, Tanpuying Dithakar</subfield>
  </datafield>
  <datafield tag="400" ind1="0" ind2=" ">
    <subfield code="a">S. Dithakar Bhakdi</subfield>
  </datafield>
  <datafield tag="400" ind1="1" ind2=" ">
    <subfield code="a">Bhakdi, S. Dithakar</subfield>
  </datafield>
  <datafield tag="400" ind1="1" ind2=" ">
    <subfield code="a">Dithakar Bhakdi, Tanpuying</subfield>
  </datafield>
  <datafield tag="400" ind1="1" ind2=" ">
    <subfield code="a">Dithakar Bhakdi, S.</subfield>
  </datafield>
  <datafield tag="400" ind1="0" ind2=" ">
    <subfield code="a">Saiyude Gengradomying</subfield>
  </datafield>
  <datafield tag="400" ind1="1" ind2=" ">
    <subfield code="a">Gengradomying, Saiyude</subfield>
  </datafield>
  <datafield tag="670" ind1=" " ind2=" ">
    <subfield code="a">Her Royal Highness Princess Somdej Pra Sri Nagarindra Boromma Rajajonani, 1996:</subfield>
    <subfield code="b">t.p. (Tanpuying Dithakar Bhakdi) p. 6 (S. Dithakar Bhakdi) p. 4 of cover (born Saiyude Gengradomying)</subfield>
  </datafield>
</record>